@misc{hoare-null-reference,
	author = {Tony Hoare},
	title = {Null References: The Billion Dollar Mistake},
	year = {2009},
	month = aug,
	url = {https://www.infoq.com/presentations/Null-References-The-Billion-Dollar-Mistake-Tony-Hoare/},
	note = {InfoQ Presentation}
}
@misc{android13-memorysafe,
	author = {Jeff Vander Stoep},
	title = {Memory Safe Languages in Android 13},
	year = {2022},
	month = dec,
	url = {https://security.googleblog.com/2022/12/memory-safe-languages-in-android-13.html},
	note = {Google Security Blog}
}
